<?xml version="1.0" encoding="UTF-8"?><collection xmlns="http://www.loc.gov/MARC21/slim"><record><leader>00466nam--2200181-i-4500</leader><controlfield tag="001">000038028</controlfield><controlfield tag="002">20161230</controlfield><controlfield tag="005">20161230201041</controlfield><controlfield tag="008">060222s1000------------r-----000-0-eng-d</controlfield><datafield ind1=" " ind2=" " tag="040"><subfield code="a">IFIN-HH</subfield></datafield><datafield ind1=" " ind2=" " tag="080"><subfield code="a">524.8.01</subfield></datafield><datafield ind1="1" ind2=" " tag="100"><subfield code="a">Raychaudhuri, A.K</subfield></datafield><datafield ind1="1" ind2="0" tag="245"><subfield code="a">Theoretical cosmology</subfield><subfield code="c">A.k. raychauduri</subfield></datafield><datafield ind1=" " ind2=" " tag="260"><subfield code="a">Oxford</subfield><subfield code="b">Clarendon Press</subfield><subfield code="c">1979</subfield></datafield><datafield ind1=" " ind2=" " tag="300"><subfield code="a">X + 298P</subfield></datafield><datafield ind1=" " ind2=" " tag="490"><subfield code="a">Oxford Studies In Physics</subfield></datafield><datafield ind1=" " ind2=" " tag="852"><subfield code="a">48749</subfield><subfield code="c">523</subfield></datafield><datafield ind1=" " ind2=" " tag="CAT"><subfield code="a">Sys</subfield><subfield code="c">20110315</subfield><subfield code="h">094115</subfield></datafield></record></collection>